@techreport{WeinstockG09,
  author      = {Charles B. Weinstock and John B. Goodenough},
  institution = {Software Engineering Institute, Carnegie Mellon University},
  title       = {Towards an Assurance Case Practice for Medical Devices},
  note        = {{T}echnical Note CMU/SEI-2009-TN-018},
  year        = {2009}
}

@article{zhangJJ10,
  title     = {A hazard analysis for a generic insulin infusion pump},
  author    = {Zhang, Yi and Jones, Paul L and Jetley, Raoul},
  journal   = {Journal of diabetes science and technology},
  volume    = {4},
  number    = {2},
  pages     = {263--283},
  year      = {2010},
  publisher = {SAGE Publications}
}

@article{zhangJJR11,
  title     = {Generic safety requirements for developing safe insulin pump software},
  author    = {Zhang, Yi and Jetley, Raoul and Jones, Paul L and Ray, Arnab},
  journal   = {Journal of diabetes science and technology},
  volume    = {5},
  number    = {6},
  pages     = {1403--1419},
  year      = {2011},
  publisher = {SAGE Publications}
}

@misc{IMDRF20AET,
  author       = {{International Medical Device Regulators Forum}},
  howpublished = {{IMDRF code: IMDRF/AE WG/N43FINAL:2020 (Edition 4)}},
  title        = {{Terminologies for Categorized Adverse Event Reporting} ({AER}): terms, terminology and codes },
  month        = {April},
  year         = {2020},
  url          = {https://www.imdrf.org/sites/default/files/docs/imdrf/final/technical/imdrf-tech-200318-ae-terminologies-n43.pdf}
}